@misc{nautsch2018,
title={TSBK08 - Data compression},
url={http://www.icg.isy.liu.se/en/courses/tsbk08/lect2.pdf},
journal={Icg.isy.liu.se},
author={Nautsch, Harald},
year={2018}
}

@misc{huffmancoding2018,
url={https://en.wikipedia.org/wiki/Huffman_coding},
journal={En.wikipedia.org},
author={Wikipedia},
year={2018}
}

@misc{lempelzivwelch2018,
url={https://en.wikipedia.org/wiki/Lempel%E2%80%93Ziv%E2%80%93Welch},
journal={En.wikipedia.org},
author={Wikipedia},
year={2018}
}